@misc{aquinoJalvesaqZotcite2024,
  title = {Jalvesaq/Zotcite},
  author = {de Aquino, Jakson Alves},
  year = {2024},
  month = jan,
  url = {https://github.com/jalvesaq/zotcite},
  urldate = {2024-01-27},
  abstract = {Vim plugin for integration with Zotero},
  copyright = {GPL-3.0},
  keywords = {neovim-plugin,zotero}
}
